<?xml version="1.0" encoding="utf-8"?>
<record xmlns="http://www.loc.gov/MARC21/slim" xmlns:xsi="http://www.w3.org/2001/XMLSchema-instance" xsi:schemaLocation="http://www.loc.gov/MARC21/slim http://www.loc.gov/standards/marcxml/schema/MARC21slim.xsd">
	<leader>     nam a22        4500</leader>
	<controlfield tag="001">b12344503</controlfield>
	<controlfield tag="003">LeBAU</controlfield>
	<controlfield tag="006">m        d        </controlfield>
	<controlfield tag="007">cr cn |||m|||a</controlfield>
	<controlfield tag="008">170830s1949    ua acf  o     ||0 0 ara d</controlfield>
	<datafield ind1=" " ind2=" " tag="040">
		<subfield code="a">NNU</subfield>
		<subfield code="b">ara</subfield>
		<subfield code="e">rda</subfield>
		<subfield code="c">NNU</subfield>
	</datafield>
	<datafield ind1=" " ind2="4" tag="050">
		<subfield code="a">BP161</subfield>
		<subfield code="b">.J38 1949</subfield>
	</datafield>
	<datafield ind1="0" ind2="4" tag="082">
		<subfield code="a">297</subfield>
		<subfield code="2">22</subfield>
	</datafield>
	<datafield ind1="1" ind2=" " tag="100">
		<subfield code="6">880-01</subfield>
		<subfield code="a">Jāwīsh, ʻAbd al-ʻAzīz,</subfield>
		<subfield code="d">1876-1929,</subfield>
		<subfield code="e">author.</subfield>
	</datafield>
	<datafield ind1="1" ind2="3" tag="245">
		<subfield code="6">880-02</subfield>
		<subfield code="a">al-Islām dīn al-fuṭrah ;</subfield>
		<subfield code="b">Athar al-Qur’ān fī taḥrīr al-fikr al-basharī ; Āthār al-khamr fī naẓar arqá al-umam /</subfield>
		<subfield code="c">min silsilat āthar al-marḥūm al-Shaykh ‘Abd al-‘Azīz Jāwīsh.</subfield>
	</datafield>
	<datafield ind1=" " ind2="1" tag="264">
		<subfield code="6">880-03</subfield>
		<subfield code="a">al-Qāhirah :</subfield>
		<subfield code="b">Maṭba‘at al-Qāhirah,</subfield>
		<subfield code="c">1368 H. = 1949 M.</subfield>
	</datafield>
	<datafield ind1=" " ind2=" " tag="300">
		<subfield code="6">880-04</subfield>
		<subfield code="a">online resource (238 pages, 1 unnumbered leaf of plates) :</subfield>
		<subfield code="b">illustrations, portrait</subfield>
	</datafield>
	<datafield ind1=" " ind2=" " tag="336">
		<subfield code="a">text</subfield>
		<subfield code="2">rdacontent</subfield>
	</datafield>
	<datafield ind1=" " ind2=" " tag="337">
		<subfield code="a">computer</subfield>
		<subfield code="2">rdamedia</subfield>
	</datafield>
	<datafield ind1=" " ind2=" " tag="338">
		<subfield code="a">online resource</subfield>
		<subfield code="2">rdacarrier</subfield>
	</datafield>
	<datafield ind1=" " ind2=" " tag="500">
		<subfield code="a">Part of the Arabic Collections Online (ACO) project, contributed by American University of Beirut's Jafet Memorial Library.</subfield>
	</datafield>
	<datafield ind1=" " ind2=" " tag="533">
		<subfield code="a">Electronic reproduction.</subfield>
		<subfield code="b">New York, N.Y. :</subfield>
		<subfield code="c">New York University,</subfield>
		<subfield code="d">2017.</subfield>
		<subfield code="5">NNU</subfield>
	</datafield>
	<datafield ind1=" " ind2="0" tag="650">
		<subfield code="6">880-05</subfield>
		<subfield code="a">Islam.</subfield>
	</datafield>
	<datafield ind1=" " ind2="0" tag="650">
		<subfield code="6">880-06</subfield>
		<subfield code="a">Islam</subfield>
		<subfield code="x">Appreciation.</subfield>
	</datafield>
	<datafield ind1=" " ind2="0" tag="650">
		<subfield code="6">880-07</subfield>
		<subfield code="a">Qur'an and science.</subfield>
	</datafield>
	<datafield ind1=" " ind2="0" tag="650">
		<subfield code="6">880-08</subfield>
		<subfield code="a">Wine</subfield>
		<subfield code="x">Religious aspects</subfield>
		<subfield code="x">Islam.</subfield>
	</datafield>
	<datafield ind1="1" ind2="2" tag="700">
		<subfield code="6">880-09</subfield>
		<subfield code="a">Jāwīsh, ʻAbd al-ʻAzīz,</subfield>
		<subfield code="d">1876-1929.</subfield>
		<subfield code="t">Athar al-Qur’ān fī taḥrīr al-fikr al-basharī.</subfield>
	</datafield>
	<datafield ind1="1" ind2="2" tag="700">
		<subfield code="6">880-10</subfield>
		<subfield code="a">Jāwīsh, ʻAbd al-ʻAzīz,</subfield>
		<subfield code="d">1876-1929.</subfield>
		<subfield code="t">Āthār al-khamr fī naẓar arqá al-umam.</subfield>
	</datafield>
	<datafield ind1="2" ind2=" " tag="710">
		<subfield code="a">Jafet Memorial Library.</subfield>
	</datafield>
	<datafield ind1="0" ind2=" " tag="730">
		<subfield code="a">Arabic Collections Online.</subfield>
	</datafield>
	<datafield ind1="0" ind2="8" tag="776">
		<subfield code="i">Print version:</subfield>
		<subfield code="a">Jāwīsh, ʻAbd al-ʻAzīz, 1876-1929, author.</subfield>
		<subfield code="t">al-Islām dīn al-fuṭrah ;</subfield>
		<subfield code="w">(LeBAU)b12344503</subfield>
	</datafield>
	<datafield ind1="0" ind2=" " tag="787">
		<subfield code="6">880-11</subfield>
		<subfield code="i">Contains (work):</subfield>
		<subfield code="t">al-Islām dīn al-fuṭrah wa-al-ḥurrīyah</subfield>
		<subfield code="d">al-Qāhirah : Dār al-Hilāl, [between 1960 and 1969?]</subfield>
		<subfield code="w">(OCoLC)784209280</subfield>
		<subfield code="w">(OCoLC)784209280</subfield>
	</datafield>
	<datafield ind1="4" ind2="0" tag="856">
		<subfield code="u">http://hdl.handle.net/2333.1/hhmgqtdt</subfield>
	</datafield>
	<datafield ind1="1" ind2=" " tag="880">
		<subfield code="6">100-01</subfield>
		<subfield code="a">جاويش، عبد العزيز،‪‪‪‪‪‪‪</subfield>
		<subfield code="d">1876-1929،</subfield>
		<subfield code="e">مؤلف.‪‪‪‪‪‪‪</subfield>
		<subfield code="4">aut.</subfield>
	</datafield>
	<datafield ind1="1" ind2="2" tag="880">
		<subfield code="6">245-02</subfield>
		<subfield code="a">الإسلام دين الفطرة ؛‪‪‪‪‪‪‪</subfield>
		<subfield code="b">أثر القرآن في تحرير الفكر البشري ؛ آثار الخمر في نظر أرقى الأمم /‪‪‪‪‪‪‪</subfield>
		<subfield code="c">من سلسلة آثار المرحوم الشيخ عبد العزيز جاويش.‪‪‪‪‪‪‪</subfield>
	</datafield>
	<datafield ind1=" " ind2="1" tag="880">
		<subfield code="6">264-03</subfield>
		<subfield code="a">القاهرة :‪‪‪‪‪‪‪</subfield>
		<subfield code="b">مطبعة القاهرة،‪‪‪‪‪‪‪</subfield>
		<subfield code="c">1368 هـ. = 1949 م.‪‪‪‪‪‪‪</subfield>
	</datafield>
	<datafield ind1=" " ind2=" " tag="880">
		<subfield code="6">300-04</subfield>
		<subfield code="a">238 صفحة، 1 ورقة لوحات غير مرقمة :‪‪‪‪‪‪‪</subfield>
		<subfield code="b">مصورات، صورة شخصانية ؛‪‪‪‪‪‪‪</subfield>
		<subfield code="c">24 سم‪‪‪‪‪‪‪</subfield>
	</datafield>
	<datafield ind1=" " ind2="4" tag="880">
		<subfield code="6">650-05</subfield>
		<subfield code="a">الاسلام.‪‪‪‪‪‪‪</subfield>
	</datafield>
	<datafield ind1=" " ind2="4" tag="880">
		<subfield code="6">650-06</subfield>
		<subfield code="a">الإسلام‪‪‪‪‪‪‪</subfield>
		<subfield code="x">تقدير.‪‪‪‪‪‪‪</subfield>
	</datafield>
	<datafield ind1=" " ind2="4" tag="880">
		<subfield code="6">650-07</subfield>
		<subfield code="a">القرآن والعلوم.‪‪‪‪‪‪‪</subfield>
	</datafield>
	<datafield ind1=" " ind2="4" tag="880">
		<subfield code="6">650-08</subfield>
		<subfield code="a">الخمرة‪‪‪‪‪‪‪</subfield>
		<subfield code="x">النواحي الدينية‪‪‪‪‪‪‪</subfield>
		<subfield code="x">الإسلام.‪‪‪‪‪‪‪</subfield>
	</datafield>
	<datafield ind1="1" ind2="2" tag="880">
		<subfield code="6">700-09</subfield>
		<subfield code="a">جاويش، عبد العزيز،‪‪‪‪‪‪‪</subfield>
		<subfield code="d">1876-1929.</subfield>
		<subfield code="t">أثر القرآن في تحرير الفكر البشري.‪‪‪‪‪‪‪</subfield>
	</datafield>
	<datafield ind1="1" ind2="2" tag="880">
		<subfield code="6">700-10</subfield>
		<subfield code="a">جاويش، عبد العزيز،‪‪‪‪‪‪‪</subfield>
		<subfield code="d">1876-1929.</subfield>
		<subfield code="t">آثار الخمر في نظر أرقى الأمم.‪‪‪‪‪‪‪</subfield>
	</datafield>
	<datafield ind1="0" ind2=" " tag="880">
		<subfield code="6">787-11</subfield>
		<subfield code="i">يتضمن (عمل):‪‪‪‪‪‪‪</subfield>
		<subfield code="t">الإسلام دين الفطرة والحرية‪‪‪‪‪‪‪</subfield>
		<subfield code="d">القاهرة : دار الهلال، [ما بين 1960 و 1969؟]‪‪‪‪‪‪‪</subfield>
		<subfield code="w">b1233442x</subfield>
		<subfield code="w">(OCoLC)784209280</subfield>
	</datafield>
	<datafield ind1=" " ind2=" " tag="959">
		<subfield code="a">NNU</subfield>
		<subfield code="b">WEB</subfield>
		<subfield code="c">GENI</subfield>
		<subfield code="t">0</subfield>
		<subfield code="m">Electronic access</subfield>
		<subfield code="s">01</subfield>
	</datafield>
	<datafield ind1=" " ind2=" " tag="999">
		<subfield code="i">LeBAU_b12344503</subfield>
		<subfield code="s">aub_aco000995</subfield>
		<subfield code="e">(ERROR-MISC)</subfield>
		<subfield code="s">aub_aco000995</subfield>
	</datafield>
</record>
